<?xml version="1.0" encoding="UTF-8"?>
<record>
  <leader>01154nam#a2200325#cc4500</leader>
  <controlfield tag="005">20210409041826.0</controlfield>
  <controlfield tag="007">tu</controlfield>
  <controlfield tag="008">100712|2010####gw############|||#|#ger#c</controlfield>
  <controlfield tag="003">DE-605</controlfield>
  <controlfield tag="001">990181275760206441</controlfield>
  <datafield tag="016" ind1="7" ind2=" ">
    <subfield code="a">1073456705</subfield>
    <subfield code="2">OCoLC</subfield>
  </datafield>
  <datafield tag="020" ind1=" " ind2=" ">
    <subfield code="a">9783931645007</subfield>
    <subfield code="9">978-3-931645-00-7</subfield>
  </datafield>
  <datafield tag="020" ind1=" " ind2=" ">
    <subfield code="a">3931645002</subfield>
    <subfield code="c">kart. : EUR 14.90</subfield>
    <subfield code="9">3-931645-00-2</subfield>
  </datafield>
  <datafield tag="035" ind1=" " ind2=" ">
    <subfield code="a">(DE-605)HT016433929</subfield>
  </datafield>
  <datafield tag="040" ind1=" " ind2=" ">
    <subfield code="a">290</subfield>
    <subfield code="b">ger</subfield>
    <subfield code="e">rakwb</subfield>
  </datafield>
  <datafield tag="041" ind1=" " ind2=" ">
    <subfield code="a">ger</subfield>
  </datafield>
  <datafield tag="044" ind1=" " ind2=" ">
    <subfield code="c">XA-DE</subfield>
  </datafield>
  <datafield tag="084" ind1=" " ind2=" ">
    <subfield code="a">SK 220</subfield>
    <subfield code="2">rvk</subfield>
  </datafield>
  <datafield tag="084" ind1=" " ind2=" ">
    <subfield code="a">SK 400</subfield>
    <subfield code="2">rvk</subfield>
  </datafield>
  <datafield tag="084" ind1=" " ind2=" ">
    <subfield code="a">SK 110</subfield>
    <subfield code="2">rvk</subfield>
  </datafield>
  <datafield tag="100" ind1="1" ind2=" ">
    <subfield code="a">Furlan, Peter</subfield>
    <subfield code="d">1953-</subfield>
    <subfield code="0">(DE-588)1049517296</subfield>
    <subfield code="4">aut</subfield>
    <subfield code="9">O:H</subfield>
  </datafield>
  <datafield tag="245" ind1="1" ind2="0">
    <subfield code="a">&lt;&lt;Das&gt;&gt; gelbe Rechenbuch</subfield>
    <subfield code="b">für Ingenieure, Naturwissenschaftler und Mathematiker ; Rechenverfahren der höheren Mathematik in Einzelschritten erklärt ; mit vielen ausführlich gerechneten Beispielen</subfield>
    <subfield code="n">1</subfield>
    <subfield code="p">Lineare Algebra, Differentialrechnung</subfield>
    <subfield code="c">Peter Furlan</subfield>
  </datafield>
  <datafield tag="250" ind1=" " ind2=" ">
    <subfield code="a">[Nachdr.]</subfield>
  </datafield>
  <datafield tag="264" ind1=" " ind2="1">
    <subfield code="a">Dortmund</subfield>
    <subfield code="b">Furlan</subfield>
    <subfield code="c">[20]10</subfield>
  </datafield>
  <datafield tag="300" ind1=" " ind2=" ">
    <subfield code="a">4, 242 S. : graph. Darst.</subfield>
  </datafield>
  <datafield tag="773" ind1="0" ind2="8">
    <subfield code="w">(DE-605)HT006855611</subfield>
    <subfield code="q">1</subfield>
  </datafield>
  <datafield tag="964" ind1="0" ind2="s">
    <subfield code="F">030</subfield>
    <subfield code="A">a|1uc||||||||</subfield>
  </datafield>
  <datafield tag="964" ind1="0" ind2="s">
    <subfield code="F">050</subfield>
    <subfield code="A">a|||||||||||||</subfield>
  </datafield>
  <datafield tag="035" ind1=" " ind2=" ">
    <subfield code="a">(OCoLC)1073456705</subfield>
  </datafield>
  <datafield tag="035" ind1=" " ind2=" ">
    <subfield code="a">(DE-599)HBZHT016433929</subfield>
  </datafield>
  <datafield tag="MBD" ind1=" " ind2=" ">
    <subfield code="M">49HBZ_NETWORK</subfield>
    <subfield code="i">990181275760206441</subfield>
    <subfield code="n">HBZ Network</subfield>
  </datafield>
  <datafield tag="MBD" ind1=" " ind2=" ">
    <subfield code="M">49HBZ_HBO</subfield>
    <subfield code="i">991000247439706454</subfield>
    <subfield code="n">Hochschule Bochum</subfield>
  </datafield>
  <datafield tag="020" ind1=" " ind2=" ">
    <subfield code="a">9783931645007</subfield>
    <subfield code="9">978-3-931645-00-7</subfield>
    <subfield code="M">49HBZ_HBO</subfield>
  </datafield>
  <datafield tag="020" ind1=" " ind2=" ">
    <subfield code="a">3931645002</subfield>
    <subfield code="c">kart. : EUR 14.90</subfield>
    <subfield code="9">3-931645-00-2</subfield>
    <subfield code="M">49HBZ_HBO</subfield>
  </datafield>
  <datafield tag="100" ind1="1" ind2=" ">
    <subfield code="a">Furlan, Peter</subfield>
    <subfield code="d">1953-</subfield>
    <subfield code="0">(DE-588)1049517296</subfield>
    <subfield code="4">aut</subfield>
    <subfield code="9">O:H</subfield>
    <subfield code="M">49HBZ_HBO</subfield>
  </datafield>
  <datafield tag="981" ind1=" " ind2=" ">
    <subfield code="a">113263</subfield>
    <subfield code="9">LOCAL</subfield>
    <subfield code="M">49HBZ_HBO</subfield>
  </datafield>
  <datafield tag="987" ind1="1" ind2=" ">
    <subfield code="a">M</subfield>
    <subfield code="9">LOCAL</subfield>
    <subfield code="M">49HBZ_HBO</subfield>
  </datafield>
  <datafield tag="997" ind1=" " ind2=" ">
    <subfield code="a">20120508</subfield>
    <subfield code="9">LOCAL</subfield>
    <subfield code="M">49HBZ_HBO</subfield>
  </datafield>
  <datafield tag="MNG" ind1=" " ind2=" ">
    <subfield code="c">System</subfield>
    <subfield code="f">ILS</subfield>
    <subfield code="i">marc21</subfield>
    <subfield code="k">01</subfield>
    <subfield code="e">false</subfield>
    <subfield code="d">2021-07-09 04:09:06 Europe/Berlin</subfield>
    <subfield code="g">018127576-HBZ01</subfield>
    <subfield code="j">60</subfield>
    <subfield code="a">import</subfield>
    <subfield code="b">2021-04-05 16:47:29 Europe/Berlin</subfield>
  </datafield>
  <datafield tag="H52" ind1="8" ind2=" ">
    <subfield code="b">BOT</subfield>
    <subfield code="c">BOT_FREI</subfield>
    <subfield code="h">AE 130-1</subfield>
    <subfield code="8">2213839850006454</subfield>
  </datafield>
  <datafield tag="HOL" ind1=" " ind2=" ">
    <subfield code="b">2022-07-24 08:43:18</subfield>
    <subfield code="8">2213839850006454</subfield>
    <subfield code="M">49HBZ_HBO</subfield>
    <subfield code="g">false</subfield>
    <subfield code="a">import</subfield>
  </datafield>
  <datafield tag="H52" ind1="8" ind2=" ">
    <subfield code="b">CVH</subfield>
    <subfield code="c">CVH_FREI</subfield>
    <subfield code="h">AE 130-1</subfield>
    <subfield code="8">2213839890006454</subfield>
  </datafield>
  <datafield tag="HOL" ind1=" " ind2=" ">
    <subfield code="b">2022-07-24 08:43:18</subfield>
    <subfield code="8">2213839890006454</subfield>
    <subfield code="M">49HBZ_HBO</subfield>
    <subfield code="g">false</subfield>
    <subfield code="a">import</subfield>
  </datafield>
  <datafield tag="ITM" ind1=" " ind2=" ">
    <subfield code="H">2213839890006454</subfield>
    <subfield code="x">CVH_FREI</subfield>
    <subfield code="f">BOOK</subfield>
    <subfield code="v">CVH_FREI</subfield>
    <subfield code="p">NA</subfield>
    <subfield code="X">System</subfield>
    <subfield code="U">2022-07-17 12:59:00 Europe/Berlin</subfield>
    <subfield code="Y">2022-07-24 10:44:08 Europe/Berlin</subfield>
    <subfield code="h">false</subfield>
    <subfield code="n">AE 130-1+1</subfield>
    <subfield code="P">Buch</subfield>
    <subfield code="Q">E</subfield>
    <subfield code="M">49HBZ_HBO</subfield>
    <subfield code="s">1</subfield>
    <subfield code="d">8</subfield>
    <subfield code="V">import</subfield>
    <subfield code="b">00782328</subfield>
    <subfield code="O">Lieferantencode: JA | Kostenstelle: 8/MON | Erwerbungsdatum: 21.04.2011</subfield>
    <subfield code="N">Letzte Rückgabe: 017200280 am 27.05.2019  11:22:00</subfield>
    <subfield code="a">2313839880006454</subfield>
    <subfield code="c">AE 130-1</subfield>
    <subfield code="B">E11/155</subfield>
    <subfield code="W">2022-07-24 10:43:18 Europe/Berlin</subfield>
    <subfield code="u">CVH</subfield>
    <subfield code="w">CVH</subfield>
  </datafield>
  <datafield tag="ITM" ind1=" " ind2=" ">
    <subfield code="H">2213839890006454</subfield>
    <subfield code="x">CVH_FREI</subfield>
    <subfield code="f">BOOK</subfield>
    <subfield code="v">CVH_FREI</subfield>
    <subfield code="p">PR</subfield>
    <subfield code="X">System</subfield>
    <subfield code="U">2022-07-17 12:59:00 Europe/Berlin</subfield>
    <subfield code="Y">2022-07-24 10:44:08 Europe/Berlin</subfield>
    <subfield code="h">false</subfield>
    <subfield code="n">AE 130-1 pr</subfield>
    <subfield code="P">Buch</subfield>
    <subfield code="Q">E</subfield>
    <subfield code="M">49HBZ_HBO</subfield>
    <subfield code="s">1</subfield>
    <subfield code="d">8</subfield>
    <subfield code="V">import</subfield>
    <subfield code="b">00782331</subfield>
    <subfield code="O">Lieferantencode: JA | Kostenstelle: 8/MON | Erwerbungsdatum: 21.04.2011</subfield>
    <subfield code="a">2313839870006454</subfield>
    <subfield code="c">AE 130-1</subfield>
    <subfield code="B">E11/156</subfield>
    <subfield code="W">2022-07-24 10:43:18 Europe/Berlin</subfield>
    <subfield code="u">CVH</subfield>
    <subfield code="w">CVH</subfield>
  </datafield>
  <datafield tag="ITM" ind1=" " ind2=" ">
    <subfield code="H">2213839890006454</subfield>
    <subfield code="x">CVH_FREI</subfield>
    <subfield code="f">BOOK</subfield>
    <subfield code="v">CVH_FREI</subfield>
    <subfield code="p">NA</subfield>
    <subfield code="X">System</subfield>
    <subfield code="U">2022-07-17 12:59:00 Europe/Berlin</subfield>
    <subfield code="Y">2022-07-24 10:44:08 Europe/Berlin</subfield>
    <subfield code="h">false</subfield>
    <subfield code="n">AE 130-1+2</subfield>
    <subfield code="P">Buch</subfield>
    <subfield code="Q">E</subfield>
    <subfield code="M">49HBZ_HBO</subfield>
    <subfield code="s">1</subfield>
    <subfield code="d">8</subfield>
    <subfield code="V">import</subfield>
    <subfield code="b">00782344</subfield>
    <subfield code="O">Lieferantencode: JA | Kostenstelle: 8/MON | Erwerbungsdatum: 21.04.2011</subfield>
    <subfield code="N">Letzte Rückgabe: 017201270 am 19.03.2018  09:29:00</subfield>
    <subfield code="a">2313839860006454</subfield>
    <subfield code="c">AE 130-1</subfield>
    <subfield code="B">E11/154</subfield>
    <subfield code="W">2022-07-24 10:43:18 Europe/Berlin</subfield>
    <subfield code="u">CVH</subfield>
    <subfield code="w">CVH</subfield>
  </datafield>
  <datafield tag="ITM" ind1=" " ind2=" ">
    <subfield code="H">2213839850006454</subfield>
    <subfield code="x">BOT_FREI</subfield>
    <subfield code="f">BOOK</subfield>
    <subfield code="v">BOT_FREI</subfield>
    <subfield code="p">NA</subfield>
    <subfield code="X">System</subfield>
    <subfield code="U">2022-07-17 12:59:00 Europe/Berlin</subfield>
    <subfield code="Y">2022-07-24 10:44:08 Europe/Berlin</subfield>
    <subfield code="h">false</subfield>
    <subfield code="n">AE 130-1+3</subfield>
    <subfield code="P">Buch</subfield>
    <subfield code="Q">M</subfield>
    <subfield code="M">49HBZ_HBO</subfield>
    <subfield code="s">1</subfield>
    <subfield code="d">8</subfield>
    <subfield code="V">import</subfield>
    <subfield code="b">00830005</subfield>
    <subfield code="O">Lieferantencode: 108 | Kostenstelle: 4/ASGR | Erwerbungsdatum: 24.10.2011</subfield>
    <subfield code="N">Letzte Rückgabe: 017201291 am 22.10.2018  10:17:00</subfield>
    <subfield code="a">2313839840006454</subfield>
    <subfield code="c">AE 130-1</subfield>
    <subfield code="B">M11/226</subfield>
    <subfield code="W">2022-07-24 10:43:18 Europe/Berlin</subfield>
    <subfield code="u">BOT</subfield>
    <subfield code="w">BOT</subfield>
  </datafield>
  <datafield tag="ITM" ind1=" " ind2=" ">
    <subfield code="H">2213839850006454</subfield>
    <subfield code="x">BOT_FREI</subfield>
    <subfield code="f">BOOK</subfield>
    <subfield code="v">BOT_FREI</subfield>
    <subfield code="p">NA</subfield>
    <subfield code="X">System</subfield>
    <subfield code="U">2022-07-17 12:59:00 Europe/Berlin</subfield>
    <subfield code="Y">2022-07-24 10:44:08 Europe/Berlin</subfield>
    <subfield code="h">false</subfield>
    <subfield code="n">AE 130-1+4</subfield>
    <subfield code="P">Buch</subfield>
    <subfield code="Q">M</subfield>
    <subfield code="M">49HBZ_HBO</subfield>
    <subfield code="s">1</subfield>
    <subfield code="d">8</subfield>
    <subfield code="V">import</subfield>
    <subfield code="b">00830018</subfield>
    <subfield code="O">Lieferantencode: 108 | Kostenstelle: 4/ASGR | Erwerbungsdatum: 24.10.2011</subfield>
    <subfield code="N">Letzte Rückgabe: 017200612 am 19.06.2018  09:24:00</subfield>
    <subfield code="a">2313839830006454</subfield>
    <subfield code="c">AE 130-1</subfield>
    <subfield code="B">M11/227</subfield>
    <subfield code="W">2022-07-24 10:43:18 Europe/Berlin</subfield>
    <subfield code="u">BOT</subfield>
    <subfield code="w">BOT</subfield>
  </datafield>
</record>
